3524 5424
815 549 911 601 Lnns
930 535 1088 602 winans

659 741 683 779 2.
720 725 893 790 optatione
913 727 1025 778 uotum
1046 724 1237 789 exprimens.

530 907 558 950 a.
611 886 793 970 Optatznns
816 890 932 950 notum
952 885 1147 970 genuinum
1172 884 1374 970 exprimens.

663 1068 698 1146 α)
744 1065 789 1128 In
812 1063 990 1128 sententiis
1012 1062 1241 1150 affirrnatr'nz's.

521 1189 655 1254 Primae
677 1192 847 1275 personae
871 1187 958 1254 haee
981 1198 1064 1254 sunt
1087 1188 1261 1274 exempla:

396 1300 439 1361 II:
489 1316 539 1383 50.
564 1295 730 1382 (sequitur
754 1294 857 1361 tertia
881 1296 1040 1382 persona)
1131 1287 1135 1295 ’

563 1404 610 1482 ὣς
632 1403 689 1467 καὶ
713 1403 840 1486 Δέλφιν
862 1402 972 1487 ἴδοιμι,
996 1403 1054 1466 καί
1078 1403 1116 1481 ἐς
1138 1402 1220 1466 τάδε
1244 1402 1341 1486 δῶμα
1363 1405 1520 1483 περάσαι.

397 1513 437 1578 V:
491 1530 539 1595 14.
563 1512 605 1573 οὐ
629 1511 695 1595 μὰν
718 1511 760 1574 οὺ
783 1509 844 1573 τὸν
868 1506 971 1573 Πᾶνα
993 1509 1053 1573 τὸν
1076 1512 1202 1584 άκτιον,
1227 1508 1268 1572 οὔ
1291 1511 1328 1574 τέ
1351 1531 1392 1591 γε
1416 1510 1545 1573 Λάκων

563 1618 625 1681 τὰν
650 1617 770 1704 βαίταν
793 1616 937 1680 ἀπέδυσ
963 1617 983 1679 ὁ
1007 1616 1221 1695 Καλαιάίδος
1238 1618 1283 1697 ’ἢ
1306 1617 1395 1680 κατὰ
1417 1617 1523 1697 τήνας

563 1727 624 1803 τᾶς
647 1725 783 1803 πέτρας,
809 1723 981 1803 ὤνθρωπε,
1006 1724 1122 1808 μανείς
1146 1726 1195 1803 εἰς
1218 1725 1353 1803 Κρᾶθιν
1376 1724 1528 1807 ἁλοίμαν.

398 1833 438 1898 V:
488 1851 539 1899 20.
565 1831 601 1894 αἴ
623 1853 674 1895 τοι
697 1830 916 1914 πιστεύσαιμι,
941 1831 983 1894 τὰ
1006 1830 1182 1914 Δάφνιδος
1206 1831 1299 1912 ἄλγε’
1325 1831 1480 1914 άροίμαν.

398 1940 439 2005 V:
467 1957 538 2024 149.
565 1989 571 2000 .
598 1990 604 2002 .
632 1989 637 2001 .
663 1939 753 2001 ἀλλὰ
775 1938 944 2021 γενοίμαν,

563 2047 597 2107 oi
620 2045 662 2128 μή
686 2067 725 2108 τα
749 2046 945 2129 φλάσσαιμι,
971 2046 1167 2123 Μελάνθιος
1190 2045 1263 2108 ἀντὶ
1287 2045 1440 2129 Κομάτα.

358 2153 435 2218 VII:
465 2170 535 2236 155.
562 2150 730 2237 (sequitur
753 2150 858 2217 tertia
881 2158 1041 2237 persona)

564 2309 570 2321 .
598 2308 604 2321 .
631 2309 637 2321 .
664 2257 707 2336 ἀς
731 2258 787 2343 [sc.
811 2259 1006 2342 Δάματρος]
1032 2257 1083 2321 ἐπὶ
1108 2260 1210 2342 σωρῷ
1310 2245 1312 2248 ’

557 2363 657 2443 αὖτις
681 2365 749 2446 ἐγὼ
773 2365 908 2449 πάξαιμι
931 2364 1019 2447 μέγα
1041 2365 1169 2428 πτύον·
1188 2367 1211 2428 ἁ
1234 2363 1274 2427 δὲ
1297 2367 1466 2446 γελάσσαι

563 2470 744 2556 δράγματα
765 2471 823 2542 καὶ
846 2473 1006 2555 μάκωνας
1030 2472 1068 2535 ἐν
1090 2473 1335 2556 ἀμφοτέραισιν
1359 2471 1485 2552 ἔχοισα.

346 2581 441 2647 XVI:
469 2599 538 2664 τοο.
565 2629 570 2641 .
598 2630 604 2641 .
632 2630 637 2641 .
663 2578 716 2642 ἀεὶ
741 2578 949 2657 Χαρίτεσσιν
972 2579 1025 2662 ἅμ’
1053 2579 1133 2659 εἴην.

310 2688 439 2754 XXVI:
487 2706 538 2771 30.
563 2685 669 2764 αὐτὸς
692 2684 897 2770 δἐὑαγέοιμι
920 2685 977 2748 καί
1002 2671 1206 2766 εὐαγέεσσιν
1230 2684 1351 2770 άδοιμι.

523 2791 707 2859 Secundae
730 2813 915 2878 personae:

414 2902 438 2964 I:
467 2916 537 2985 132.
560 2903 767 2984 (sequuntur
791 2897 940 2985 optatiui
965 2898 1088 2965 tertiae
1111 2900 1290 2984 personae)

434 3048 436 3055 ·
560 3007 622 3069 νῦν
645 3006 714 3070 δ’ία
737 3004 797 3091 μὲν
820 3006 979 3089 φορέοιτε
1004 3007 1110 3093 βάτοι,
1135 3008 1294 3089 φορέοιτε
1317 3005 1508 3083 δ’ἄκανάαι,

544 3115 584 3200 Ιἁ
607 3112 647 3176 δὲ
669 3115 761 3177 καλὰ
783 3115 972 3193 νάρκισσος
996 3114 1044 3177 ἐπ’
1071 3113 1269 3193 ἀρκεύθοισι
1292 3114 1450 3198 κομάσαι,

560 3221 670 3284 πάντα
702 3219 864 3284 δ’ἔναλλα
895 3221 1039 3301 γένοιτο,
1072 3220 1128 3283 καὶ
1157 3223 1180 3283 ά
1207 3220 1301 3299 πίτυς
1324 3220 1429 3301 ὄχνοις
1453 3221 1589 3296 ἐνείκαι,

560 3328 692 3411 Δάφνις
724 3328 796 3392 ἐπεὶ
825 3329 978 3405 θνάσκει,
1009 3327 1066 3390 καὶ
1096 3327 1163 3407 τὼς
1192 3327 1299 3405 κύνας
1323 3327 1463 3411 ὥλαφος
1487 3328 1589 3400 ἕλκοι,

559 3435 624 3516 κήξ
647 3436 759 3514 ὀρέων
782 3435 831 3499 τοὶ
857 3437 992 3513 σκῶπες
1014 3433 1140 3516 ἀηδόσι
1164 3433 1388 3514 δηρίσαιντο.Ῑ

415 3545 439 3605 Ι;
469 3561 539 3628 147.
564 3541 644 3607 uide
668 3542 766 3607 inira.

399 3650 439 3715 V:
469 3668 539 3733 124.
564 3649 751 3728 (antecedit
786 3649 1023 3734 imperatiuus,
1059 3648 1216 3735 seqnitur
1255 3648 1434 3734 optatiuus
1467 3648 1587 3714 tertiae

560 3757 741 3843 personae)

563 3859 678 3947 Ἱμέρα
701 3863 775 3926 ἀνθ’
801 3861 931 3941 ὕδατος
954 3862 1054 3941 ositos
1077 3863 1177 3942 γάλα,
1202 3862 1259 3926 καί
1283 3860 1321 3925 τὺ
1345 3860 1385 3924 δὲ
1408 3862 1520 3942 Κρᾶθι

561 3970 642 4053 οἴνῳ
666 3968 864 4053 πορφύροις,
889 3969 931 4033 τά
957 3967 996 4032 δέ
1020 3991 1070 4033 τοι
1094 3969 1153 4032 σία
1175 3969 1309 4048 καρπὸν
1333 3969 1467 4032 ἐνείκαι.

360 4079 436 4144 VII:
466 4097 536 4162 τοι).
562 4078 590 4138 εί
613 4074 760 4155 δ’άλλοις
782 4075 931 4155 νεύσαις,
955 4076 1044 4139 κατὰ
1067 4073 1127 4160 μὲν
1150 4075 1239 4156 χρόα
1261 4076 1354 4138 πάντ’
1382 4075 1542 4155 ὀνύχεσσι

561 4182 775 4268 δακνόμενος
797 4185 944 4247 κνάσαιο
967 4183 1024 4246 καὶ
1048 4184 1086 4246 έν
1109 4181 1255 4246 κνίδαισι
1278 4180 1472 4258 καάέυδοις,

562 4291 635 4371 εἴης
658 4288 860 4354 δ”Ι-Ιδτονῶν
882 4289 942 4375 μὲν
966 4292 1004 4352 ἐν
1028 4289 1131 4369 ὤρεσι
1155 4289 1280 4373 χείματι
1304 4290 1420 4371 μέσσῳ

562 4506 600 4568 έν
623 4503 663 4566 δὲ
686 4505 781 4583 δέρει
804 4506 981 4588 πυμάτοισι
1004 4500 1292 4582 παρἈίάιόπεσσι
1316 4501 1483 4584 νομέοοις.

418 4729 427 4754 1
448 4722 492 4770 Ita
513 4718 605 4768 Hiller
624 4733 689 4768 curn
710 4717 870 4782 Scaligero;
891 4718 982 4782 uulgo
1001 4714 1173 4783 γαράσαιντο.
