3524 5424
244 1753 350 1875 Cum
374 1799 455 1858 ante
477 1794 608 1878 aliquot
628 1815 738 1858 annos
762 1795 798 1858 i'n
821 1794 964 1880 syntaxi
978 1816 1103 1878 graeca
1126 1797 1374 1862 alexandrinae
1391 1798 1524 1883 potissi-

247 1949 341 1989 mum
374 1923 495 1988 aetatis
525 1921 738 2006 exquirenda
773 1943 940 1993 uersarer,
982 1922 1190 1986 Theocritum
1217 1945 1346 2008 quoque
1363 1924 1523 2008 peruolu-

249 2051 342 2114 tani:
377 2071 463 2134 quae
497 2069 579 2111 uero
611 2047 692 2110 inde
720 2046 769 2108 ad
798 2068 898 2108 usum
931 2035 1104 2109 modorum
1136 2047 1258 2131 collegi,
1283 2070 1351 2111 non
1369 2056 1522 2133 prorsus,

240 2176 373 2260 opinor,
398 2173 535 2236 inutilia
551 2177 614 2235 aut
629 2193 714 2256 qiiae
730 2172 879 2234 edantur
893 2171 1037 2255 indigna
1053 2172 1268 2236 uidebuntur.
1310 2175 1523 2258 Quamquam

247 2300 330 2362 satis
364 2299 431 2361 seio
465 2319 531 2360 me-
553 2297 643 2360 iiiliil
674 2318 801 2360 nouum
831 2295 1011 2381 praebere:
1036 2296 1210 2381 permulta
1237 2319 1321 2360 sane
1350 2319 1435 2381 quae
1458 2298 1525 2360 liuc

240 2423 422 2508 pertinent
453 2444 470 2485 e
503 2422 611 2485 uariis
645 2421 738 2485 libris
774 2423 913 2506 excerpi
937 2426 1085 2506 possunt
1114 2443 1153 2484 ac
1170 2422 1354 2506 praecipue
1378 2445 1395 2485 e
1418 2422 1524 2485 lexico

248 2548 428 2632 Rumpeli'i'.
474 2547 549 2610 Sed
569 2545 606 2609 in
629 2547 690 2610 hoc
713 2547 803 2628 libro,
827 2553 868 2609 ut
883 2555 952 2632 par
975 2552 1024 2610 est
1039 2547 1075 2610 in
1092 2547 1204 2622 lexico,
1223 2553 1257 2610 et
1271 2548 1377 2610 multa
1382 2549 1524 2633 frustra

242 2672 455 2759 ‚quaesiueri's
478 2693 588 2755 neque
610 2671 723 2734 omnio
741 2693 826 2755 quae
847 2673 1026 2735 cohaerent
1040 2695 1108 2735 uno
1125 2678 1299 2757 conspectu
1311 2673 1524 2757 perlustrare

240 2799 329 2880 licet,
356 2798 510 2882 idemque
533 2797 639 2860 multo
663 2796 762 2861 eliani
787 2798 895 2880 magis
919 2797 959 2860 de
982 2797 1256 2860 annotationibus
1279 2798 1379 2878 uolet,
1405 2798 1524 2881 quihus

243 2923 321 2986 iii'ri'
341 2922 430 2985 docti
450 2921 610 2985 editiones
634 2926 902 3006 consperserunt.

353 3048 429 3109 lani
462 3068 543 3110 uero
576 3046 612 3108 in
648 3046 811 3131 exemplis
835 3046 1052 3130 disponendis
1075 3048 1218 3110 eundem
1243 3047 1343 3110 teniii'
1362 3047 1523 3127 ordinem,

245 3193 348 3256 quem
382 3172 418 3234 i'n
452 3171 560 3234 libello
597 3171 638 3234 de
668 3171 773 3233 modis
807 3171 987 3255 Apollonii
1019 3171 1120 3234 edito1
1155 3170 1350 3257 obseruaui':
1387 3194 1452 3255 qua
1488 3193 1524 3234 re

247 3301 447 3359 consecutus
468 3318 554 3377 suni,
578 3301 620 3358 ut
647 3296 840 3359 Theocritus
864 3301 898 3358 et
910 3296 1264 3381 Apolloninssaci'li'us
1283 3296 1374 3359 inter
1387 3318 1423 3359 se
1440 3318 1522 3358 com·

239 3401 671 3505 perorantum—eademque
695 3429 793 3505 opera
817 3426 859 3483 ut
881 3420 1041 3483 hreui'tati'
1061 3422 1169 3505 magis
1192 3421 1364 3484 consulere
1381 3429 1521 3506 possem.

249 3545 314 3608 Hic
337 3545 444 3630 igitur
466 3568 575 3631 neque
598 3547 759 3609 uni'nerse
784 3547 834 3609 de‘
847 3546 888 3608 ui
908 3547 1080 3609 modorum
1105 3547 1282 3631 disputaui'
1302 3568 1362 3609 nec
1377 3547 1524 3630 singulis

240 3670 410 3755 loquendi
418 3671 585 3758 formulis
610 3671 819 3756 explicandis
844 3671 914 3734 nisi
930 3672 1034 3734 aliter
1049 3679 1182 3756 operam
1200 3672 1283 3734 dedi
1325 3671 1396 3753 Qui
1409 3693 1523 3755 eogno-

242 3818 337 3859 scere
369 3797 469 3882 cupit,
503 3797 623 3883 quibus
654 3798 840 3861 rationibus
864 3797 998 3860 nitatur
1020 3797 1127 3881 operis
1152 3796 1336 3880 descriptio,
1363 3818 1523 3859 commen-

241 3921 407 3985 tationem
432 3944 533 4006 quam
557 3923 738 3986 nominaui
757 3924 863 3986 adeat.

354 4048 522 4132 Exempla
547 4048 667 4132 collegi
687 4071 754 4111 uon
777 4049 886 4111 solum
910 4070 927 4110 e
946 4047 1110 4131 genuinis
1139 4046 1306 4109 Theocriti
1319 4044 1523 4108 carminibus

238 4170 308 4232 sed
337 4171 437 4234 eti'iini
462 4194 505 4235 ex
533 4173 575 4236 iis
599 4195 684 4257 quae
708 4174 812 4258 uulgo
834 4173 952 4257 spuria
975 4171 1153 4244 habentur,
1178 4193 1257 4233 nom
1283 4173 1323 4235 de
1347 4171 1510 4234 nonnulli

241 4294 309 4357 alii
325 4294 437 4359 aliter
466 4297 621 4360 iudicant
641 4320 680 4360 ac
698 4304 879 4382 praeterea
899 4298 996 4360 haud
1015 4298 1165 4360 alienum
1178 4297 1329 4381 fortasse
1352 4296 1525 4359 uidebitur

242 4420 399 4483 carmina
424 4423 577 4507 conferre
594 4431 699 4507 posse.
745 4424 1002 4508 Epigrammata
1026 4428 1201 4507 ceteraque
1225 4423 1375 4485 carmina
1393 4421 1523 4484 minora

352 4643 360 4668 ¹
399 4639 439 4684 De
458 4654 506 4684 usu
528 4641 661 4686 modorum
681 4643 755 4701 apud
771 4642 940 4702 Apollonium
962 4642 1099 4692 Rhodium.
1138 4632 1253 4690 Lundae
1263 4645 1326 4702 1891.
