3524 5424
561 520 614 573 DE
634 520 707 570 VSV
727 519 926 569 MODORVM
946 515 1195 570 THEOCRITEO
1485 530 1515 566 21

239 701 407 766 XXVIII:
454 719 483 784 9.
509 696 576 779 [καὶ
601 694 652 781 σὲ]
678 694 793 775 δῶρον
813 696 958 773 Νικιάας
974 696 1023 773 εἰς
1040 693 1150 773 ὀλόχιο
1167 695 1295 775 χὲρρας
1312 695 1520 777 ὀπάσσομεν,

509 802 573 866 σὺν
596 805 637 883 τᾷ
661 802 771 866 πόλλα
795 801 854 885 μὲν
878 802 947 883 ἔργ’
976 802 1165 879 ἐκτελέσας
1190 854 1195 864 ,
1224 856 1229 866 ,
1257 855 1261 864 .

276 915 407 977 XXIX:
438 933 487 998 13.
510 910 649 992 ποίησαι
673 910 794 972 καλιὰν
817 909 896 993 μίαν
920 912 968 971 εἰν
992 909 1040 971 ἑνὶ
1064 908 1218 992 δενδρίῳ,

510 1019 579 1098 ὅπα
605 1016 709 1101 μηδὲν
733 1015 883 1092 ἀπίξεται
908 1018 1029 1096 ἄγριον
1053 1015 1206 1095 ὄρπετον.

350 1127 518 1192 Diuersus
543 1126 585 1190 ab
610 1124 665 1188 his
690 1132 743 1189 est
766 1123 862 1189 locus
886 1126 980 1190 XVI:
1007 1142 1062 1190 21:

456 1232 558 1310 οὗτος
583 1230 711 1294 ἀοιδῶν
734 1233 876 1314 λῷοτος,
902 1229 942 1308 ὃς
967 1232 1003 1305 ἐξ
1028 1232 1108 1313 ἐμεῦ
1132 1231 1262 1293 οἴσεται
1286 1231 1398 1308 οὐδέν,

247 1340 304 1405 ubi
350 1350 494 1426 apparet
537 1338 748 1404 sententiam
792 1337 975 1403 relatiuam
1016 1336 1270 1402 antecessiuani
1312 1359 1393 1403 esse.
1453 1337 1522 1404 Sed

247 1447 388 1512 difficile
424 1457 476 1513 est
510 1447 691 1532 explicare,
725 1467 785 1510 cur
808 1447 965 1510 futurum
991 1443 1206 1528 adhibeatur,
1230 1467 1271 1510 ac
1294 1456 1385 1511 recte
1411 1445 1524 1510 Hiller

249 1553 449 1620 obseruauit
472 1553 507 1618 id
530 1554 622 1640 quod
646 1574 749 1618 uersu
774 1552 840 1617 dici
865 1553 1013 1634 deberet,
1033 1573 1103 1616 non
1120 1551 1205 1617 satis
1223 1562 1303 1637 apte
1320 1574 1523 1638 expressum

249 1682 330 1742 esse,
351 1662 460 1746 ‘quare
483 1660 599 1726 nescio
624 1681 668 1724 an
694 1660 839 1724 uerbum
864 1659 993 1722 οἴσεται
1017 1661 1212 1744 corruptela
1235 1661 1375 1726 laboret.

619 2095 655 2153 II.
704 2096 913 2153 Sententiae
936 2095 1158 2166 temporales.

632 2303 651 2336 τ.
691 2287 883 2340 Sententiae
903 2286 1142 2340 subsecutIuae.

850 2449 927 2510 ὅτε.

355 2563 610 2639 Subsecutiuae
643 2582 727 2637 sunt
750 2571 944 2636 sententiae
969 2580 1049 2656 post
1072 2570 1143 2633 eoa*
1172 2572 1238 2645 ὅτε,
1264 2592 1353 2655 quae
1378 2570 1526 2634 formula

226 2729 228 2732 Α
250 2679 283 2743 in
308 2679 519 2744 carminibus
544 2677 760 2744 Theocritcis
784 2689 961 2764 comparet
986 2681 1095 2745 XXV:
1116 2679 1166 2760 26,
1183 2679 1242 2743 sed
1259 2677 1306 2742 ibi
1323 2677 1359 2740 in
1376 2677 1526 2762 speciem

249 2785 401 2851 aduerbii
427 2786 521 2868 abiit,
546 2796 585 2851 ut
608 2786 701 2850 idem
725 2786 902 2872 significet
926 2796 1030 2872 atque
1059 2785 1283 2850 >›interdurn».

825 2986 956 3027 οποτο

356 3090 545 3175 Optatiuus
575 3099 655 3175 post
686 3100 824 3175 tenipus
849 3088 1074 3175 praeteritum
1100 3088 1287 3153 adhibetur
1309 3089 1345 3152 in
1371 3088 1528 3152 oratione

251 3196 402 3282 obliqua:

251 3306 358 3371 XXV:
386 3324 457 3390 227.
484 3305 592 3382 αὐτὰρ
618 3304 686 3384 ἐγὼ
711 3305 888 3387 θάμνοισιν
912 3306 1007 3386 ἄφαρ
1033 3309 1218 3381 σκιεροῖσιν
1242 3302 1417 3386 ἐκρύφθην

486 3413 523 3473 ἐν
548 3411 609 3494 ρίῳ
633 3411 764 3492 ὑλήεντι
789 3411 995 3493 δεδεγμένος
1020 3411 1139 3473 ὁππόθ’
1165 3412 1280 3472 ἵκοιτο.

825 3589 951 3670 ἡνίκα.

357 3736 384 3778 a.
410 3713 630 3778 Indicatiuus
654 3713 861 3799 imperfecti:

251 3822 328 3887 VII:
357 3843 383 3886 1.
408 3822 449 3902 ἧς
472 3820 598 3901 χρόνος
622 3821 705 3883 ἁνίκ’
733 3820 801 3902 ἐγώ
826 3821 940 3883 τεκαὶ
965 3819 1129 3900 Εὔκριτος
1153 3823 1191 3899 ἐς
1214 3821 1274 3883 τὸν
1297 3818 1448 3883 Ἂλεντα

411 3931 570 4011 εἵρκομες
595 3929 633 3990 ἐκ
657 3927 783 4006 πόλιος.

356 4035 388 4099 b.
415 4035 634 4100 Indicatiuus
659 4035 780 4101 futuri:

251 4144 383 4206 XXIII:
410 4164 460 4228 33.
486 4143 557 4223 ἥξει
580 4142 703 4220 καιρὸς
727 4145 866 4220 ἐκεῖνος.
893 4141 1039 4205 ὁπανίκα
1062 4141 1118 4204 καὶ
1142 4140 1180 4204 τὺ
1204 4143 1368 4224 φιλάσεις,

487 4250 587 4312 ἁνίκα
610 4250 672 4312 τὰν
694 4249 841 4329 κραδίαν
865 4249 1069 4332 ὀκτεύμενος
1093 4250 1227 4332 ἁλμυρὰ
1249 4247 1417 4327 κλαύσας.

803 4429 982 4509 ὁπηνίκα.

361 4552 576 4617 Indicatiuus
601 4553 722 4618 futuri:

253 4661 384 4723 XXIII:
412 4681 462 4747 33,
487 4682 591 4749 quem
616 4661 729 4727 locum
756 4661 858 4727 modo
883 4660 993 4729 attuli.
