3524 5424
254 511 271 572 4
752 502 848 566 LARs
868 498 1026 565 wlnmn

255 689 310 774 ββ)
335 688 526 772 Optatiuus
550 710 629 754 cum
653 689 714 752 κέν
737 688 951 754 coniunctus.

335 795 402 860 His
426 795 511 860 locis
535 795 665 880 aliquid
691 797 763 861 lore
786 796 927 862 dicitur:

415 907 440 968 I:
486 905 533 990 56.
636 905 738 983 τέρας
761 904 800 966 κέ
825 926 863 967 τυ
886 904 995 987 άυμὸν
1018 903 1144 979 ἀτόξαι.

379 1013 441 1076 III:
484 1015 534 1098 38.
637 1014 782 1094 ᾀσεῦμαι
806 1012 879 1074 ποτὶ
903 1012 965 1074 τὰν
988 1011 1083 1074 πίτυν
1107 1010 1164 1073 ὧδ’
1191 1012 1413 1100 ἀποκλινάείς.

557 1119 615 1181 καί
637 1120 676 1181 κέ
700 1121 728 1202 μ’
755 1120 839 1198 ἴσως
862 1119 1000 1195 ποτίδοι,
1026 1119 1097 1182 ἐπεὶ
1122 1121 1185 1182 οὐκ
1204 1118 1527 1202 ἀδαμαντίναέστίν.

363 1227 441 1290 XII:
485 1245 532 1292 12.
557 1226 637 1289 belm
662 1225 705 1307 δή
728 1248 796 1289 τινε
819 1225 907 1289 τάδε
931 1226 1013 1310 μετὰ
1036 1227 1230 1305 προτέροισι
1254 1228 1424 1307 γενέσθην

557 1334 654 1415 φῶθ’,
681 1335 700 1395 ό
724 1332 784 1416 μέν
808 1334 997 1413 εἴσπνηλος,
1024 1334 1106 1416 φαίη
1130 1335 1156 1414 χ’
1182 1335 1432 1417 ὡμυκλαϊάζων,

557 1440 616 1502 τὸν
640 1440 668 1502 δ’
692 1441 813 1519 ἕτερον
827 1443 926 1504 πάλιν
942 1441 989 1518 ὥς
1004 1463 1064 1504 κεν
1078 1442 1097 1503 ό
1111 1439 1297 1518 Θεσσαλὸς
1310 1442 1395 1504 εἴποι
1408 1440 1529 1520 ἀίτην.ι

309 1548 439 1609 XXIX:
482 1566 532 1613 21.
559 1550 592 1609 αἰ
615 1549 683 1628 γὰρ
708 1547 776 1611 (obe
799 1548 895 1628 πόης,
921 1549 1056 1628 ἀγαθὸς
1080 1546 1139 1632 μέν
1163 1548 1328 1611 ἀκούσεαι

268 1647 269 1650 “
556 1657 593 1730 ἐξ
617 1657 786 1718 ἀστῶνό
810 1655 850 1717 δέ
874 1656 925 1718 τοί
947 1657 975 1718 κ’
1005 1653 1123 1734 ’Έρος
1147 1658 1188 1718 οὐ
1212 1659 1367 1735 χαλεπῶς
1391 1655 1468 1735 έχοι.

333 1761 399 1825 His
424 1762 594 1846 exemplis
619 1763 678 1847 qui
703 1762 858 1847 loquitur
882 1763 965 1827 dicit
989 1785 1026 1828 se
1051 1762 1181 1848 aliquid
1206 1764 1379 1828 facturuln
1406 1785 1491 1827 esse:

421 1871 445 1932 I:
487 1869 537 1934 60.
639 1872 684 1953 τῷ
708 1871 768 1931 κέν
792 1892 829 1932 τυ
854 1871 944 1952 μάλα
967 1870 1132 1952 πρόφρων
1155 1871 1355 1954 άρεσαίμανῚ

555 1977 636 2039 αἴκα
659 1998 712 2059 μοι
735 1976 782 2052 τό,
808 1977 915 2059 φίλος,
941 1977 1001 2039 τὸν
1025 1978 1186 2060 ἐφίμερον
1209 1979 1314 2061 ὕμνον
1337 1980 1483 2060 ἀείσῃς.2

346 2083 440 2147 XVI:
462 2083 531 2146 106.
556 2085 703 2163 ἄκλητος
736 2082 796 2166 μέν
828 2083 938 2164 ἔγωγε
961 2085 1089 2168 μένοιμί
1112 2106 1180 2160 κενἹ
1207 2087 1244 2163 ές
1268 2083 1308 2148 δὲ
1331 2086 1525 2149 καλεόντων

554 2191 739 2271 θαρσήσας
763 2191 927 2254 Μοίσαισι
952 2190 1015 2254 σὺν
1038 2193 1254 2275 ἀμετέραισιν
1277 2193 1417 2276 ἱκοίμαν.

328 2296 439 2362 XXV:
479 2315 530 2382 37.
632 2298 700 2377 ἐγὼ
725 2297 765 2360 δέ
788 2299 827 2360 κέ
851 2321 900 2361 τοι
925 2300 1023 2381 σάφα
1047 2298 1146 2376 εἰδώς

554 2406 726 2483 ἀτρεκέως
750 2407 878 2488 εἴποιμ’.

326 2511 438 2576 XXV:
459 2530 528 2597 195.
553 2512 634 2594 ἀμφὶ
659 2511 698 2574 δέ
723 2528 778 2576 σοι
802 2513 843 2575 τὰ
867 2513 997 2576 ἕκαστα
1019 2513 1148 2596 λέγοιμί
1170 2535 1210 2575 κε
1232 2512 1335 2576 τοῦδε
1358 2513 1524 2591 πελώρου.

329 2619 379 2680 De
402 2617 479 2681 loco
503 2620 618 2682 XXII:
637 2638 676 2705 73
703 2619 783 2684 uide
807 2641 913 2704 supra
936 2621 1001 2684 sub
1026 2624 1094 2702 αα).

249 2724 280 2807 β)
312 2723 494 2808 Optatz'uus
517 2725 652 2810 aliquid
660 2727 751 2811 fieri
765 2735 863 2811 posse
887 2727 1090 2812 exprimens,

247 2833 305 2909 αα)
331 2830 522 2914 Optatiuus
546 2832 670 2898 nudus,
718 2889 721 2893 .

327 2937 519 3022 Optatiuus
555 2938 740 3005 adhibetur
775 2941 818 3004 ad
852 2962 924 3005 rem
956 2962 1045 3025 quae
1069 2940 1243 3026 praesenti
1269 2952 1425 3025 tempore
1448 2939 1524 3004 lieri

325 3053 442 3127 potest
467 3045 743 3131 exprimendam:

373 3154 419 3216 II:
446 3173 496 3239 33.
598 3152 636 3216 τὺ
660 3153 689 3215 δ’
719 3152 869 3239 ’Ἄρτεμι
892 3154 949 3217 καὶ
973 3155 1033 3217 τὸν
1056 3154 1179 3235 ἀναιδῆ

522 3260 677 3340 κινήσαις
701 3260 879 3344 ἀδάμαντα
902 3261 958 3324 καὶ
983 3263 1013 3324 εἴ
1036 3262 1065 3325 τί
1087 3284 1151 3341 περ
1175 3261 1331 3344 ἀσφαλές
1355 3264 1468 3325 άλλο.3

327 3363 392 3428 His
432 3365 516 3430 loeis
556 3367 610 3431 uis
651 3368 798 3452 optatiui
846 3369 896 3433 ita
942 3378 1123 3434 attenuata
1163 3379 1223 3452 est,
1258 3378 1298 3435 ut
1333 3367 1522 3434 urbanitati

326 3479 464 3536 tantum
488 3472 670 3539 inseruiat:

324 3578 419 3643 VIII:
444 3582 494 3642 88.
519 3581 566 3657 ὡς
589 3579 649 3664 μὲν
673 3582 693 3642 ό
716 3587 794 3660 παῖς
818 3584 924 3663 ἐχάρη
947 3583 1003 3646 καὶ
1027 3585 1178 3646 ἀνάλατο
1201 3584 1257 3646 καὶ
1281 3585 1478 3663 πλατάγησε

521 3688 674 3766 νικάσας,
700 3689 809 3766 οὑτως
833 3690 884 3752 ἐπὶ
908 3691 1024 3774 ματέρι
1047 3691 1174 3777 νεβρὸς
1197 3693 1322 3753 ἅλοιτο.

323 3795 419 3859 VIII:
444 3814 494 3880 90.
519 3795 566 3872 ὡς
590 3793 629 3856 δὲ
652 3796 866 3880 κατεσμόχάη
889 3798 945 3860 καὶ
970 3799 1178 3876 ἀνετράπετο
1203 3799 1314 3880 φρένα
1337 3797 1425 3877 λόπᾳ

522 3901 659 3980 ὥτερος,
686 3902 774 3965 οὕτω
798 3903 854 3965 καὶ
877 3903 990 3987 νύμφα
1014 3906 1187 3988 γαμεάεῑσ
1214 3906 1383 3984 ἀκάχοιτο.

327 4009 420 4073 XVI:
446 4008 496 4072 66.
522 4009 631 4087 αὐτὰρ
655 4009 723 4089 ἐγὼ
748 4010 841 4094 τιμήν
864 4033 900 4074 τε
922 4012 978 4074 καὶ
1003 4011 1193 4090 ἀνθρώπων
1216 4011 1378 4094 φιλότητα

520 4117 655 4178 πολλῶν
679 4117 825 4199 ἡμιόνων
848 4139 884 4180 τε
906 4119 963 4181 καὶ
986 4120 1094 4182 ἵππων
1116 4118 1270 4197 πρόσθεν
1293 4118 1439 4201 έλοίμαν.

347 4409 356 4432 1
395 4403 438 4449 De
457 4400 597 4451 hocloco
617 4401 685 4452 uide
704 4400 777 4451 infra
798 4406 827 4455 Β.
848 4406 901 4456 111.

346 4497 357 4522 ²
394 4489 534 4539 Nonnulli
554 4489 617 4540 libri
638 4489 682 4539 nal
702 4506 754 4556 pro
774 4489 827 4540 κέν.

346 4587 356 4622 3
395 4577 488 4628 Hiller
506 4595 521 4629 e
537 4578 701 4629 coniectura
715 4580 808 4632 Vossii
822 4581 894 4647 legit
908 4580 1028 4647 κινήσαις
1042 4581 1214 4647 κ’ἀδάμαντα.
1244 4582 1321 4636 Libri
1335 4584 1359 4631 κ’
1372 4582 1519 4650 omittunt,

239 4665 371 4716 nonnulli
392 4665 416 4733 p’
436 4665 575 4721 inserunt.
