3524 5424
245 2055 291 2130 Β.
348 2055 411 2131 De
451 2076 536 2131 usu
577 2055 816 2131 modorum
858 2056 903 2130 In
942 2059 1189 2134 sententiis
1228 2057 1523 2134 secundariis.

641 2308 663 2365 i.
712 2308 919 2366 Sententiae
943 2309 1127 2368 relatiuae.

735 2531 756 2570 r.
796 2517 1037 2572 Coniunctiuus.

349 2658 478 2723 Omnia
513 2660 674 2743 exempla
709 2659 926 2724 antecessina
959 2669 1053 2740 sunt3
1089 2660 1124 2724 in
1161 2661 1335 2726 sententia
1358 2660 1523 2746 primaria

241 2787 377 2851 semper
401 2774 557 2851 tempora
581 2766 778 2851 praesentia
802 2766 1031 2832 inueniuntur
1056 2767 1111 2832 uel
1135 2768 1335 2833 audiuntur.

242 2876 276 2953 α)
301 2871 554 2938 Coniunctiuus
579 2873 693 2937 nudus
719 2895 789 2937 non
814 2873 1008 2939 adhibetur.

245 2981 275 3065 β)
301 2978 556 3044 Coniunctiuus
581 3001 659 3044 curn
683 2979 744 3042 κέν
768 2978 986 3044 coniunctus:

314 3088 356 3149 X:
407 3106 455 3172 25.
483 3139 487 3148 .
516 3139 520 3148 .
549 3139 554 3149 .
581 3085 628 3149 ὡν
650 3088 719 3167 γάρ
743 3087 769 3166 χ’
797 3088 945 3171 arimatia,
970 3088 1056 3157 θεαί,
1082 3089 1172 3150 καλὰ
1195 3089 1304 3151 πάντα
1328 3094 1459 3151 ποιεῖτε.

278 3195 357 3257 XII:
406 3214 456 3279 32.
481 3193 527 3278 (in
553 3194 727 3260 sententia
751 3194 914 3279 primaria
939 3205 990 3259 est
1015 3194 1163 3260 aoristus
1189 3194 1383 3279 gnomicns)

478 3300 518 3379 ὃς
542 3301 581 3363 δέ
605 3323 645 3363 κε
667 3303 846 3384 προσμάξῃ
869 3301 1112 3381 γλυκερώτερα
1136 3302 1260 3381 χείλεσι
1285 3302 1386 3382 χείλη,

479 3407 681 3494 βριθόμενος
706 3409 926 3489 στεφάνοισιγ
949 3407 1010 3488 ἑὴν
1034 3410 1071 3486 ἐς
1095 3409 1205 3491 μητέρ’
1232 3410 1392 3489 ἀπῆλθεν.

242 3516 354 3580 XVII:
402 3535 451 3602 73.
479 3568 483 3577 .
512 3567 517 3578 .
545 3567 550 3577 .
577 3515 629 3577 Διὶ
653 3515 822 3594 Kpovstort
846 3516 977 3598 peiora

478 3620 600 3684 αἰδοῖοι
626 3623 787 3708 βασιλῆες
812 3643 817 3653 ·
845 3623 865 3683 ὁ
889 3621 917 3683 δ’
945 3621 1074 3701 ἔξοχος,
1101 3624 1141 3685 ὃν
1164 3644 1204 3685 κε
1228 3621 1351 3705 φιλήσῃ

476 3728 675 3811 γεινόμενον
698 3728 740 3792 τὰ
763 3731 887 3807 πρῶτα.

240 3836 355 3899 XXII:
384 3836 453 3900 161.
478 3837 569 3898 τάων
593 3833 738 3919 εὐμαρὲς
761 3834 856 3919 ὔμμιν
881 3837 1008 3899 ὀπυίειν
1033 3839 1075 3915 ἃς
1098 3837 1126 3899 κ’
1154 3836 1301 3917 ἐθέλητε.

757 4083 779 4117 2.
819 4069 1002 4132 Optatiuus.

348 4210 422 4273 Iam
453 4219 534 4274 ante
563 4210 665 4274 attuli
695 4210 864 4294 exempla,
890 4209 949 4274 ubi
973 4209 1009 4274 in
1033 4208 1216 4275 sententiis
1241 4209 1405 4292 relatiuis,
1430 4230 1519 4294 qnae

242 4314 357 4380 laxius
393 4339 472 4381 cunr
497 4317 671 4382 sententia
696 4316 861 4402 primaria
885 4317 1081 4399 cohaerent,
1115 4317 1262 4402 optatini
1291 4316 1521 4381 inueniuntur

240 4421 328 4507 (V112
358 4445 420 4488 100
444 4424 622 4508 optatinus
647 4446 726 4488 cunr
751 4445 811 4486 κεν
834 4424 983 4506 iunctuS,
1008 4426 1047 4490 V:
1077 4428 1124 4496 18,
1149 4426 1226 4490 VII:
1255 4443 1316 4509 155
1339 4423 1519 4509 optatiuus

240 4539 364 4594 notum
411 4531 629 4616 exprimens).
691 4530 903 4613 Sententiae,
951 4553 1040 4616 qnae
1079 4531 1188 4596 artius
1228 4553 1306 4596 cum
1346 4530 1520 4596 sententia

239 4635 405 4720 primaria
429 4659 607 4703 connexae
632 4649 722 4720 sunt,
747 4659 867 4701 ornnes
892 4637 1138 4703 subsecutiuae
1162 4647 1254 4703 sunt.
