3524 5424
321 557 352 606 ιι
816 545 912 602 mus
932 532 1091 599 witnniu

378 725 577 809 Imperfecti
602 725 688 803 haec
711 734 795 791 sunt
818 724 987 810 exempla:

400 833 511 898 XXV:
531 850 601 917 115.
628 883 633 895 .
662 884 667 896 .
695 883 700 895 .
727 833 768 895 οὐ
791 832 860 911 γάρ
883 851 944 893 κεν
967 828 1099 912 ἔφασκέ
1123 850 1171 906 τις
1195 826 1278 890 οὐδὲ
1302 827 1423 893 ἐώλπει

619 937 751 1018 ἀνδρὸς
777 936 861 1018 ληίδ’
892 936 973 1015 ἑνὸς
1002 934 1132 1015 τόσσην
1159 934 1238 1019 ἔμεν
1266 933 1349 997 οὐδὲ
1378 934 1447 999 δέκ’
1474 938 1598 1000 ἄλλων.
1684 1003 1686 1008 ,

340 1048 506 1113 XXVIII:
549 1064 596 1131 15.
621 1046 663 1108 οὐ
695 1050 763 1126 γὰρ
800 1047 847 1123 εἰς
876 1044 999 1123 ἀκίρας
1022 1041 1094 1105 οὐδ’
1122 1043 1160 1120 ἐς
1183 1042 1298 1123 ἀέργω
1321 1063 1382 1105 κεν
1405 1043 1601 1129 ἐβολλόμαν

620 1153 748 1215 ὀπάσαι
772 1168 814 1215 σε
837 1151 964 1234 δόμοις.

378 1263 433 1346 ββ)
458 1259 675 1325 Indicatiuus
700 1281 778 1324 cum
804 1260 847 1321 ἄν
870 1258 1086 1323 coniunctuS.

346 1357 348 1361 ¹
375 1366 535 1432 Aoristus
559 1366 695 1431 duobus
719 1365 803 1430 locis
828 1364 1013 1430 adhibetur
1036 1364 1073 1428 in
1097 1364 1272 1429 sententia
1295 1365 1456 1429 relatiua:

442 1475 503 1538 IX:
545 1492 594 1557 24.
620 1472 792 1556 [κορύναν]
819 1525 824 1534 .
852 1524 858 1535 .
886 1524 891 1535 .
917 1473 979 1535 τὰν
999 1470 1071 1534 οὐδ’
1096 1473 1139 1533 ἂν
1159 1472 1242 1549 ἴσως
1262 1473 1446 1557 μωμάσατο
1462 1472 1595 1538 τέκτων.

375 1582 504 1648 XXIV:
525 1598 595 1663 114.
623 1576 829 1662 Ἅρπαλύιιῳ
859 1580 1019 1659 Φανοτήι,
1044 1578 1105 1641 τὸν
1128 1578 1200 1642 οὐδ’
1228 1580 1271 1640 ἂν
1294 1578 1418 1660 τηλόθε
1441 1579 1597 1644 λεύσσων

617 1687 823 1765 θαρσαλέως
847 1708 895 1764 τις
919 1685 1049 1769 ἔμεινεν
1072 1686 1265 1749 ἀεθλεύοντ’
1292 1686 1330 1748 ἔν
1354 1688 1468 1766 ἀγῶνι.

316 1792 348 1874 δ)
373 1791 549 1879 Tempora
593 1792 780 1879 praeterita
824 1814 904 1857 cum
941 1794 1002 1856 κέν
1037 1794 1093 1858 uel
1128 1795 1172 1856 ἄν
1207 1793 1393 1859 coniuncta
1428 1794 1588 1860 condicio-

376 1900 491 1965 nalem
515 1898 589 1964 uim
614 1900 746 1965 habent
769 1899 824 1964 his
848 1899 942 1965 locis.

375 2011 434 2089 αα)
459 2007 678 2072 Indicatiuus
703 2029 782 2072 cum
806 2008 867 2070 κέν
890 2006 1105 2072 coniunctus

373 2114 503 2179 Aoristi
534 2114 621 2179 haec
650 2123 733 2179 sunt
763 2114 932 2199 exempla,
957 2136 1046 2199 quae
1071 2124 1209 2200 tempus
1233 2116 1457 2200 praeteritum
1481 2118 1591 2202 expri-

374 2231 483 2286 munt
532 2221 684 2286 Protasis
708 2221 848 2286 auditur
872 2222 928 2286 uel
952 2221 1136 2306 participio
1161 2222 1377 2306 exprimitur:

459 2329 592 2393 11:118.
617 2329 724 2409 ἡνθον
746 2329 815 2408 γάρ
838 2349 898 2391 κεν
922 2327 1000 2408 ἐγώ,
1025 2329 1080 2390 ναὶ
1103 2327 1164 2391 τόν
1183 2328 1310 2409 γλυκὺν
1326 2331 1433 2411 ἡνθον
1447 2328 1592 2410 Ἔρωτα.

388 2437 593 2502 XXII:122.
617 2434 675 2497 καί
697 2456 737 2497 κε
761 2435 869 2514 τυχὼν
893 2434 1047 2521 ἔβλαψεν
1073 2433 1289 2518 Ἀμυκλαίων
1314 2439 1470 2522 βασιλῆα.

374 2542 621 2626 Imperfectum
646 2563 717 2606 uno
741 2541 817 2631 loco
841 2541 1019 2606 inuenitur
1043 2541 1086 2606 de
1111 2551 1267 2627 tempore
1283 2544 1474 2628 praesenti3
1499 2555 1597 2611 ante-

373 2648 466 2713 cedit
489 2657 621 2730 uotnm,
645 2648 739 2733 quod
762 2648 911 2734 protasis
935 2649 1046 2714 instar
1070 2657 1137 2713 est:

458 2757 501 2819 X:
541 2773 592 2841 32.
617 2755 694 2817 αἴθε
717 2777 771 2838 μοι
795 2755 845 2834 ἠς,
871 2757 965 2818 ὅσσα
988 2756 1145 2835 Κροῖσόν
1168 2772 1258 2819 ποκα
1282 2757 1380 2841 φαντὶ
1403 2761 1577 2822 πεπᾶσθαι

615 2861 752 2941 χρύσεοι
777 2862 964 2947 ἀμφότεροί
986 2864 1014 2926 κ’
1042 2864 1245 2948 ἀνεκεῖμεθα
1268 2867 1309 2944 τᾷ
1336 2863 1538 2947 Ἀφροδίτᾳ.

376 2972 431 3057 ββ)
456 2968 674 3034 Indicatiuus
699 2992 778 3035 cum
803 2972 847 3033 ἄν
871 2970 1086 3037 coniunctus,

373 3076 501 3141 Omnia
525 3078 686 3162 exempla
710 3077 830 3142 aoristi
854 3087 944 3142 sunt

372 3183 556 3251 Sententia
591 3184 840 3249 condicionalis
870 3184 988 3250 addita
1020 3194 1073 3249 est
1097 3188 1192 3252 XVI:
1218 3190 1260 3269 48
1285 3209 1332 3272 sq.
1358 3189 1451 3253 XVI:
1479 3207 1518 3272 51
1547 3211 1597 3276 sq.

343 3299 345 3304 ’
372 3290 443 3375 (ubi
468 3291 644 3356 antecedit
667 3291 816 3357 aoristus
840 3280 978 3378 nudus),
1002 3294 1112 3359 XXV:
1138 3297 1181 3358 80
1205 3315 1252 3378 sq.

374 3398 525 3462 Protasis
549 3398 702 3464 auditur:

461 3508 521 3569 XI:
541 3510 590 3590 58.
616 3505 662 3586 (in
687 3506 861 3571 sententia
885 3505 1056 3591 particula
1081 3507 1170 3570 ὥστε
1193 3507 1367 3589 instituta)

615 3719 691 3783 ὥστ’
718 3721 783 3782 οὐκ
805 3722 849 3782 ἄν
873 3743 922 3783 τοι
945 3722 1052 3784 ταῦτα
1075 3722 1192 3803 φέρειν
1212 3723 1283 3805 ἅμα
1298 3723 1390 3785 πάντ’
1410 3714 1595 3807 ἐδυνάθην.

555 3916 579 3981 b.
626 3918 672 3979 In
694 3917 872 3980 sententiis
897 3940 982 4002 quae
1006 3922 1123 3981 uotum
1149 3920 1354 4003 exprimunt.

371 4042 424 4105 De
449 4040 598 4106 formula
623 4040 767 4124 ὤφελονΔ
782 4041 864 4106 uide
887 4063 1001 4128 supra.

371 4147 588 4213 Indicatiuus
611 4149 802 4234 praemissa
825 4149 997 4235 particula
1022 4152 1094 4213 εἴθε
1118 4149 1173 4215 his
1197 4151 1281 4217 locis
1305 4152 1498 4219 inuenitur:

442 4256 500 4321 IV:
540 4274 591 4341 49.
617 4256 677 4319 εἴθ’
704 4257 745 4337 ἧς
768 4279 822 4340 μοι
846 4257 966 4337 ῥοικὸν
989 4258 1028 4321 τὸ
1052 4260 1264 4345 λαγωβόλον·
1290 4260 1338 4338 ὥς
1361 4283 1399 4324 τυ
1423 4264 1567 4339 πάιαξα.

457 4365 499 4425 Χ;
541 4382 591 4448 32.
617 4364 694 4426 αἴθε
723 4386 777 4447 μοι
805 4365 855 4446 ἧς,
888 4368 981 4428 ὅσσα
1005 4367 1161 4446 Κροῖσόν
1183 4390 1274 4431 ποκα
1297 4370 1395 4451 φαντὶ
1419 4374 1594 4436 πεπᾶσθαι

612 4470 750 4549 χρύσεοι
774 4472 960 4554 ἀμφότεροί
983 4474 1011 4535 κ’
1039 4475 1242 4558 ἀνεκεῖμεθα
1265 4479 1307 4556 τᾷ
1333 4474 1533 4560 Ἀφροδίτα.

370 4578 518 4642 XXVII:
543 4578 593 4642 61.
619 4578 684 4640 αἴθ’
712 4580 819 4642 αὐτὰν
842 4580 998 4665 δυνάμαν
1020 4582 1076 4645 καὶ
1100 4584 1162 4645 τὰν
1185 4585 1299 4668 ψυχὰν
1323 4587 1522 4671 ἐπιβάλλειν,
