3524 5424
744 529 839 578 τινε
859 515 1016 582 ινλιιιιιν

851 706 911 783 ὡς.

241 852 268 895 a.
295 829 556 895 ConiunctiuuS.

349 943 377 1013 1)
405 935 660 1002 Coniunctiuus
684 938 799 1002 nudus

347 1048 381 1124 α)
406 1053 486 1128 post
511 1054 668 1130 tempora
692 1044 888 1129 praesentia
912 1045 979 1130 (uel
1003 1044 1274 1131 imperatinum):

366 1154 408 1213 II:
458 1155 485 1216 8.
511 1151 677 1237 (sequitur
701 1152 869 1236 futurum)

510 1261 678 1344 βασείιμαι
702 1260 775 1322 ποτὶ
799 1261 861 1322 τὰν
885 1259 1089 1343 Τιμαγίγτοιο
1113 1260 1325 1340 παλαίστραν

507 1365 636 1445 αὔριον,
662 1367 709 1445 ὥς
732 1389 783 1430 νιν
806 1366 868 1431 ἴδοι
891 1367 947 1430 καὶ
971 1369 1140 1453 μέμψομαι
1165 1368 1222 1432 οἷά
1245 1391 1285 1452 με
1308 1373 1401 1432 ποιεῖ.

343 1475 406 1536 ΙΙΙ;
435 1495 483 1560 19.
507 1473 628 1557 νύμφα,
653 1474 865 1553 πρόσπτυξαί
888 1497 927 1558 με
950 1475 1010 1538 τὸν
1034 1475 1184 1551 αἰπόλον,
1210 1475 1257 1554 ὥς
1280 1497 1319 1539 τυ
1343 1474 1484 1558 φιλήσω.

365 1582 404 1646 V:
429 1584 480 1666 38.
504 1582 633 1665 θρέψαι
663 1581 719 1644 καί
750 1582 897 1660 λυκιδεῖς
929 1582 1044 1661 ὥσπερ
1067 1581 1182 1660 κύνας,
1209 1582 1255 1660 ὥς
1279 1604 1317 1645 τυ
1342 1584 1523 1665 φάγιοντι.1

307 1690 402 1754 VIII:
428 1689 478 1773 69.
505 1687 599 1750 σίττα
622 1689 768 1772 νέμεσθε
791 1690 946 1772 νέμεσθε,
971 1690 1013 1752 τὰ
1036 1687 1202 1752 δὀὕθατα
1225 1689 1376 1770 πλήσατε
1399 1692 1520 1766 πᾶσαι,

506 1796 553 1872 ὡς
577 1795 616 1858 τὸ
641 1795 700 1879 μέν
724 1795 833 1876 ίόρνες
857 1796 979 1876 ἔχωντι,
1005 1796 1044 1860 τὸ
1068 1796 1141 1875 δ’ές
1157 1798 1314 1875 ταλάροις
1329 1798 1522 1880 ἀποθῶμαι,

343 1905 403 1966 XI:
429 1903 480 1967 60.
506 1905 567 1964 νῦν
598 1905 672 1986 μάν,
705 1903 731 1965 ὠ
760 1903 887 1982 κόριον,
916 1907 978 1967 νόν
1007 1903 1051 1967 αὖ
1075 1904 1113 1967 τό
1137 1925 1184 1984 γα
1206 1908 1277 1966 νεῖν
1300 1905 1522 1988 μεμαθεῦμαι,

507 2011 588 2073 αἴκα
611 2033 659 2090 τις
683 2010 746 2073 σὺν
769 2009 826 2074 ναί
848 2012 959 2075 πλέων
982 2014 1082 2090 ξένος
1106 2011 1334 2094 ὧδ’ἀφίκηται,

506 2119 552 2196 ὡς
577 2118 655 2180 εἰδῶ
679 2119 708 2181 τί
730 2121 807 2181 ποθ’
833 2118 898 2181 ἁδὺ
922 2125 1091 2183 κατοικεῖν
1114 2118 1174 2182 τὸν
1200 2118 1308 2204 βυθὸν
1330 2116 1454 2201 ὔμμιν.2

343 2228 403 2288 XI:
430 2243 479 2309 70.
505 2228 606 2308 φασιῖι
639 2226 701 2289 τὰν
732 2227 888 2309 κεφαλὰν
919 2227 975 2290 καὶ
1004 2227 1070 2305 τὼς
1097 2226 1209 2305 πόδας
1233 2226 1434 2308 ἀμφοτέρως
1458 2247 1524 2310 μευ

507 2333 681 2415 σφόσδειν,
706 2335 753 2413 ὡς
777 2337 910 2416 ἀνιαθῇ,
937 2334 1008 2397 ἐπεὶ
1032 2335 1148 2415 κήγὼν
1171 2336 1320 2416 ἀνιῶμαι.

329 2442 403 2507 XV:
429 2462 480 2527 οι.
505 2440 577 2525 (ubi
601 2441 742 2506 auditur
766 2442 941 2508 sententia
966 2464 1047 2507 uere
1071 2441 1245 2527 primaria)

505 2548 552 2626 ὡς
576 2548 669 2629 εἰδῇς
691 2550 748 2612 καὶ
772 2551 881 2612 τοῦτο·
907 2549 1085 2627 Κορίνθιαι
1110 2548 1198 2632 εἰμές
1222 2550 1364 2612 ἄνωθεν.

273 2657 404 2721 XVIII:
432 2674 484 2740 47.
510 2656 690 2739 γράμματα
714 2657 785 2719 δ’έν
809 2658 915 2740 φλοιῷ
939 2657 1161 2737 γεγράψεται,
1186 2657 1233 2734 ὡς
1256 2655 1387 2734 παριών
1410 2677 1460 2733 τις

508 2762 654 2846 ἀννείμιγ,
680 2763 834 2841 Διοριστί·
863 2760 982 2850 ίσέβου
1006 2764 1047 2847 μ’·
1076 2760 1221 2841 Ἑλένας
1245 2762 1355 2846 φυτὸν
1379 2759 1466 2845 εἰμί’.

239 2871 406 2935 XXVIII:
434 2889 484 2937 21.
509 2869 659 2950 οἰκήσεις
681 2871 770 2934 κατὰ
793 2870 966 2933 λίίλλατον
989 2871 1140 2949 ἐράνναν
1164 2873 1232 2953 μετ’
1259 2867 1408 2945 Ἰαόνων,

508 2978 554 3056 ὡς
579 2979 793 3056 εὐαλάκατος
818 2977 982 3058 Θεύγενις
1006 2980 1044 3040 ἐν
1067 2977 1243 3061 δαμότισιν
1265 2977 1347 3058 πέλῃ

508 3085 566 3147 καί
589 3085 620 3146 οἱ
644 3088 783 3168 μνὰστιν
806 3084 859 3147 ἀεὶ
883 3087 927 3147 τῶ
952 3084 1117 3168 φιλαοίδω
1140 3085 1291 3166 παρέχῃς
1314 3084 1408 3157 ξένοι.

241 3193 248 3197 ”
347 3194 378 3278 β)
404 3202 482 3277 post
505 3192 702 3276 optatiumn
728 3202 852 3257 uotum
877 3192 1137 3276 exprimentem:

273 3300 404 3363 XVIII:
433 3318 482 3383 50.
508 3299 613 3361 Λατὼ
637 3297 697 3382 μέν
720 3299 806 3378 δοίη,
831 3299 936 3362 Λατὼ
960 3300 1209 3383 κουροτρόφος,
1234 3299 1329 3383 ὔμμιν

507 3407 689 3478 εὐτεκνίαν,
715 3406 846 3485 Κύπρις
869 3406 919 3479 δέ,
944 3408 1009 3469 θεὰ
1033 3407 1172 3487 Κύπρις,
1197 3408 1274 3470 ίσον
1297 3407 1446 3486 έρασθαι

508 3515 674 3588 ἀλλάλιον,
710 3511 794 3591 Ζεὺς
822 3512 872 3589 δέ,
902 3513 1078 3591 Κρονίδας
1109 3514 1202 3592 Ζεύς,
1234 3516 1377 3597 ἄφθιτον
1402 3513 1526 3602 ὄλβον,

506 3620 553 3697 ὡς
577 3622 614 3694 ἐξ
639 3619 845 3698 εὐπατριδᾶν
870 3622 917 3698 είς
941 3620 1146 3699 εὐπατρίδας
1169 3622 1268 3684 πάλιν
1292 3621 1382 3703 ένθῃ.

346 3730 379 3807 γ)
406 3726 449 3790 ad
474 3727 656 3792 aoristum:

343 3835 402 3900 VI:
428 3855 478 3919 39.
503 3833 551 3912 ὡς
579 3833 621 3917 μὴ
654 3836 839 3920 βασκανθόι
868 3835 917 3911 δέ,
946 3835 1017 3914 τρίς
1049 3836 1096 3913 εἰς
1121 3833 1204 3918 ἐμὸν
1227 3834 1357 3898 έπτυσα
1378 3835 1525 3903 κόλπον.

347 3940 377 4024 2)
403 3940 656 4006 Coniunctiuus
681 3963 759 4007 cum
784 3943 844 4004 κέν
868 3941 1073 4006 coniunctus
1098 3952 1178 4026 post
1201 3941 1468 4028 imperatiuum:

359 4051 382 4111 I:
413 4067 483 4134 143.
508 4048 565 4111 καί
588 4047 626 4111 τὺ
651 4047 749 4112 δίδου
773 4050 834 4112 τὰν
858 4049 940 4128 αίγα
962 4049 1001 4112 τό
1018 4071 1054 4112 τε
1071 4049 1212 4132 σκόφος,
1231 4048 1278 4127 ὥς
1293 4070 1353 4112 κεν
1369 4051 1528 4133 ἀμέλξας

508 4155 638 4218 σπείσω
662 4160 736 4233 ταῖς
759 4157 915 4234 Μοίσαις,

346 4505 355 4528 1
376 4494 452 4550 Libri
474 4493 573 4561 θρέψαι
593 4510 644 4560 pro
664 4493 762 4560 ὥσπερ.

346 4594 357 4618 ²
381 4583 419 4641 ὥς
438 4601 484 4633 κεν
503 4583 553 4633 ἰ’δω
574 4584 641 4634 olim
662 4584 808 4634 edebatur.
