3524 5424
817 454 913 509 LARs
933 441 1089 508 wnnnin

404 634 448 696 II:
498 635 546 696 18.
572 683 576 695 .
605 683 611 694 .
638 682 643 694 .
669 633 741 694 ἀλλ’
768 631 935 694 ἐπίπασσε

570 737 725 802 Θεστιιλί.

405 849 448 910 II:
496 846 547 933 96.
574 898 579 909 .
606 898 612 909 .
639 899 646 912 .
671 846 760 909 ἀλλὰ
782 847 927 929 μολοῐσα

569 953 721 1034 τήρησον
743 953 816 1016 ποτὶ
839 953 901 1016 τὰν
924 952 1129 1037 Τιμαγήτοιο
1152 952 1373 1033 παλαίστραν.

404 1063 448 1125 II:
477 1061 549 1147 163.
574 1060 663 1123 ἀλλὰ
692 1058 730 1123 τὺ
758 1058 818 1144 μὲν
847 1060 1007 1140 χαίροισα
1035 1060 1106 1123 ποτ’
1139 1059 1295 1123 ὠκεανὸν
1318 1061 1419 1140 τρέπε
1441 1059 1588 1141 πώλους.

407 1169 447 1235 V:
497 1186 546 1251 24.
572 1219 578 1230 .
605 1219 611 1230 .
639 1218 644 1229 .
670 1167 759 1230 ἀλλά
780 1187 822 1247 γε
844 1166 900 1229 καὶ
924 1164 963 1229 τὺ
985 1166 1046 1230 τὸν
1070 1165 1213 1254 εὔβοτον
1236 1166 1344 1251 ἀμνὸν
1368 1166 1513 1247 ὅρισὶιε.1

405 1277 445 1341 V:
492 1293 543 1358 44.
568 1275 656 1336 ἀλλὰ
678 1274 747 1353 γὰρ
770 1273 845 1356 ἕρφ’
872 1272 941 1350 ὧδ’,
967 1274 1056 1353 ἕρπε,
1081 1274 1137 1337 καὶ
1160 1274 1291 1338 ὕστατα
1316 1277 1531 1361 βουκολιαξῇ.

365 1384 442 1449 VII:
491 1400 542 1468 95.
569 1432 575 1444 .
603 1433 608 1445 .
636 1433 642 1445 .
667 1381 739 1443 ἀλλ’
764 1380 973 1457 ὑπάκουσον,
999 1381 1070 1444 ἐπεὶ
1093 1381 1193 1464 φίλος
1216 1381 1317 1446 ἔπλεο
1342 1381 1498 1461 Μοίσαις.

380 1491 441 1552 XI:
488 1507 540 1572 42.
564 1489 636 1550 ἀλλ’
669 1487 791 1571 άφίκευ
821 1485 860 1551 τὺ
887 1488 963 1551 ποθ’
996 1490 1069 1572 ἁμέ,
1097 1488 1155 1552 καὶ
1183 1489 1271 1568 ἑξείς
1298 1487 1402 1552 οὐδὲν
1424 1489 1586 1555 ἔλασσον.

325 1598 441 1660 XXII:
471 1596 540 1681 165.
566 1591 663 1671 ἀλλά,
689 1594 788 1677 φίλοι,
812 1596 934 1658 τοῦτον
956 1593 1016 1678 μὲν
1040 1597 1168 1659 ἐάσατε
1190 1595 1278 1675 πρὸς
1300 1597 1399 1675 τέλος
1422 1597 1535 1660 ἐλθεῖν

567 1703 645 1785 ἄμμι
667 1701 786 1785 γάμον.

326 1811 444 1874 XXII:
472 1809 542 1895 169.
568 1860 574 1872 .
666 1808 738 1870 ἀλλ’
765 1807 810 1871 έτι
833 1808 889 1871 καὶ
913 1810 975 1871 νῦν

566 1915 728 1979 πείθεσθ’.

307 2026 445 2089 XXIII:
492 2042 543 2110 35,
568 2023 656 2086 ἀλλὰ
678 2021 717 2086 τίι
739 2028 798 2086 παῖ
820 2024 886 2086 κᾶν
909 2025 1010 2086 τοῦτο
1033 2022 1249 2087 πανύστατον
1272 2022 1337 2086 ἁδύ
1361 2045 1389 2087 τι
1413 2024 1522 2103 ῥέξον.

307 2133 439 2198 XXIV:
487 2131 538 2196 86.
563 2131 661 2207 ἀλλά,
695 2129 803 2210 γύναι,
831 2132 899 2209 πῦρ
928 2129 989 2214 μέν
1016 2152 1066 2193 τοι
1089 2129 1156 2193 ὑπὸ
1180 2129 1298 2214 σποδῷ
1323 2129 1462 2194 εὔτυκον
1484 2129 1582 2206 ἔστω,

564 2239 723 2318 κάγκανα
744 2236 983 2300 δ’ἀσπαλάίλου
1000 2237 1067 2313 ξύλ’
1087 2238 1276 2322 ἑτοιμάσατ’
1296 2239 1316 2317 ἢ
1332 2238 1518 2318 παλιούρου
1532 2289 1538 2300 .
1555 2289 1560 2301 .
1578 2291 1584 2302 .

329 2347 441 2411 XXV:
489 2363 540 2432 34„
564 2345 653 2408 ἀλλὰ
677 2343 719 2408 σύ
742 2345 807 2424 πέρ
830 2366 884 2428 μοι
907 2343 1023 2407 ἔνισπε
1047 2396 1053 2407 .
1081 2396 1086 2408 .
1113 2354 1138 2408 ‚2

306 2454 382 2533 άγε
404 2450 653 2538 imperatinnm
677 2450 862 2517 antecedit:

363 2561 439 2626 XV:
489 2558 539 2645 76.
563 2559 617 2639 ἄγ’
644 2557 671 2646 ὠ
694 2557 791 2621 δειλὰ
813 2557 861 2632 τύ,
888 2558 1012 2643 βιάζεο.

182 2696 184 2700 ·
306 2667 383 2747 άγε
407 2665 653 2751 imperatinnm
678 2664 847 2751 seqnitur:

324 2851 332 2864 .
381 2773 439 2838 IV:
489 2776 539 2857 58.
564 2772 625 2834 εἴπ’
651 2773 716 2852 άγε
739 2773 767 2856 μ’
795 2771 1015 2851 ὠΚορίιδιον
1039 2824 1045 2836 .
1072 2824 1111 2836 ..

328 2880 442 2946 XXV:
469 2898 540 2965 177.
565 2878 626 2942 εἴπ’
652 2881 717 2959 άγε
739 2881 802 2942 νῦν
824 2900 878 2963 μοι
900 2882 1036 2960 πρῶτον
1060 2931 1066 2944 .
1093 2931 1099 2942 .
1126 2931 1131 2943 .

219 3015 221 3018 >
305 2986 377 3049 ἀλλ’
405 2987 470 3065 άγε
489 3007 509 3050 a
528 2985 648 3051 multis
666 2985 856 3051 editoribus
872 2985 1003 3072 legitur
1018 2988 1058 3053 V:
1073 3006 1123 3071 24,
1140 2987 1182 3052 de
1199 3007 1268 3072 qno
1284 2986 1361 3051 loco
1378 2985 1458 3051 uide
1471 3007 1590 3073 snpra.

306 3093 384 3156 εἷαι

402 3201 442 3266 V:
491 3203 540 3284 78.
566 3200 620 3262 εία
652 3200 720 3279 λέγ’
755 3199 785 3262 εί
814 3221 842 3262 τι
871 3199 992 3279 λέγεις,
1022 3200 1079 3262 καί
1103 3199 1163 3263 τὸν
1186 3201 1286 3275 ξένον
1310 3202 1348 3278 ἐς
1370 3199 1467 3263 πόλιν
1490 3200 1591 3282 αὖτις

563 3307 657 3383 ζῶντ’
684 3308 780 3389 ἄφες.

306 3415 349 3477 εἶ’
376 3415 463 3495 άγε;

399 3523 442 3584 II:
490 3538 542 3607 95.
566 3520 604 3583 εἶ’
635 3521 700 3601 ἄγε
732 3518 879 3583 Θεστυλί
908 3542 961 3604 μοι
993 3522 1143 3600 χαλεπᾶς
1173 3520 1266 3584 νόσοι
1296 3521 1376 3600 εὑρέ
1399 3542 1427 3584 τι
1451 3523 1592 3604 μάχος.3

304 3629 374 3691 ini:
485 3640 489 3647 '

400 3736 440 3801 V:
489 3734 540 3800 66.
566 3785 572 3798 .
599 3786 605 3797 .
632 3785 638 3797 .
663 3734 705 3797 ἴθ’
732 3734 759 3797 ὠ
783 3736 860 3810 ξένε
883 3733 1001 3818 μικκὸν
1024 3734 1179 3798 άκοοσον

562 3841 640 3905 τεῑδ’
668 3841 804 3905 ἐνίλώνΑ

305 4036 516 4050 ....-—a——-

412 4175 421 4198 1
442 4163 573 4230 Plerique
592 4163 715 4214 editores
735 4164 794 4213 άλλ’
815 4164 871 4228 άγε.

410 4252 668 4318 ²Aduersatiuam‚
690 4268 750 4304 non
770 4253 978 4304 cohortatiuam
997 4253 1147 4304 notionem
1167 4251 1237 4302 ἀλλά
1256 4254 1344 4305 habet
1362 4257 1475 4308 XXIII:
1495 4268 1539 4320 47:

465 4382 470 4393 .
492 4382 497 4392 .
518 4382 524 4393 .
544 4342 682 4410 ὁδοιπόρε,
702 4343 737 4410 μὴ
756 4342 937 4410 παροδεάσῃς,

465 4429 535 4480 ἀλλὰ
555 4430 619 4489 στὰς
638 4431 699 4482 τάδε
719 4431 798 4491 λέξον
818 4471 824 4482 .
845 4471 850 4483 .
871 4472 876 4482 .

411 4530 422 4566 3
443 4519 521 4575 Libri
542 4518 666 4579 uariant:
686 4521 819 4572 nonnulli
839 4523 948 4573 habent
967 4522 989 4571 εἰ
1008 4520 1091 4585 δ’άγε.

410 4620 422 4654 4
443 4609 605 4660 Genninam
625 4610 684 4661 uim
704 4610 807 4662 retinet
826 4610 863 4660 ἴθι
882 4614 963 4663 VIII:
985 4626 1027 4674 51:
1045 4610 1080 4660 ἴθ’
1102 4608 1123 4660 ὡ
1143 4610 1209 4660 κόλε
1228 4609 1273 4662 καὶ
1292 4608 1363 4674 λέγε,
